<record><leader>00000cas a2200000 a 4500</leader><controlfield tag="001">11890538</controlfield><controlfield tag="008">850406d18uu18uuiluwr ne      0   a0eng c</controlfield><datafield ind1=" " ind2=" " tag="010"><subfield code="a">sn 85033340 </subfield></datafield><datafield ind1=" " ind2=" " tag="040"><subfield code="a">NPU</subfield><subfield code="b">eng</subfield><subfield code="c">NPU</subfield><subfield code="d">NVF</subfield><subfield code="d">OCL</subfield><subfield code="d">OCLCQ</subfield><subfield code="d">OCLCF</subfield><subfield code="d">NVF</subfield><subfield code="d">OCLCO</subfield></datafield><datafield ind1=" " ind2=" " tag="042"><subfield code="a">pcc</subfield></datafield><datafield ind1=" " ind2=" " tag="043"><subfield code="a">n-us-il</subfield></datafield><datafield ind1="0" ind2=" " tag="130"><subfield code="a">Democratic banner (Aledo, Ill.)</subfield></datafield><datafield ind1="1" ind2="4" tag="245"><subfield code="a">The Democratic banner.</subfield></datafield><datafield ind1=" " ind2=" " tag="260"><subfield code="a">Aledo, Ill. :</subfield><subfield code="b">O.P. Arthur</subfield></datafield><datafield ind1=" " ind2=" " tag="300"><subfield code="a">v. ;</subfield><subfield code="c">65 cm.</subfield></datafield><datafield ind1=" " ind2=" " tag="310"><subfield code="a">Weekly</subfield></datafield><datafield ind1=" " ind2=" " tag="588"><subfield code="a">Description based on: Vol. 5, no. 8 (June 6, 1873) = whole no. 216.</subfield></datafield><datafield ind1=" " ind2="0" tag="651"><subfield code="a">Aledo (Ill.)</subfield><subfield code="v">Newspapers.</subfield></datafield><datafield ind1=" " ind2="7" tag="651"><subfield code="a">Illinois</subfield><subfield code="z">Aledo.</subfield><subfield code="2">fast</subfield><subfield code="0">(OCoLC)fst01883802</subfield></datafield><datafield ind1=" " ind2="7" tag="655"><subfield code="a">Newspapers.</subfield><subfield code="2">fast</subfield><subfield code="0">(OCoLC)fst01423814</subfield></datafield><datafield ind1=" " ind2=" " tag="752"><subfield code="a">United States</subfield><subfield code="b">Illinois</subfield><subfield code="c">Mercer</subfield><subfield code="d">Aledo.</subfield></datafield><datafield ind1="0" ind2="0" tag="780"><subfield code="t">Mercer County press</subfield><subfield code="w">(DLC)sn 87082194</subfield><subfield code="w">(OCoLC)15194140</subfield></datafield><datafield ind1="0" ind2="0" tag="785"><subfield code="t">Aledo banner</subfield><subfield code="w">(DLC)sn 87082195</subfield><subfield code="w">(OCoLC)15194089</subfield></datafield></record>